<?xml version="1.0" encoding="UTF-8"?><collection xmlns="http://www.loc.gov/MARC21/slim"><record><leader>00402nam--2200133-i-4500</leader><controlfield tag="001">000029713</controlfield><controlfield tag="002">20161230</controlfield><controlfield tag="005">20161230201037</controlfield><controlfield tag="008">060222s1000------------r-----000-0-eng-d</controlfield><datafield ind1=" " ind2=" " tag="080"><subfield code="a">62-503</subfield></datafield><datafield ind1=" " ind2=" " tag="100"><subfield code="a">Kuo, Benjamin C</subfield></datafield><datafield ind1=" " ind2=" " tag="245"><subfield code="a">Sisteme automate cu esantionare.analiza si sinteza.traducerea din limba engleza(sua) dupa editia din 1965</subfield></datafield><datafield ind1=" " ind2=" " tag="260"><subfield code="a">Bucuresti, Ditura Tehnica, 1967. 508p</subfield></datafield><datafield ind1=" " ind2=" " tag="852"><subfield code="a">27756</subfield></datafield></record></collection>